@misc{p5js-reference,
	title = {{P5.js Reference}},
	author={P5.js},
	publisher = {P5.js},
	howpublished = {\url{https://p5js.org/reference/}},
	note = {Accessed: 2019-04-08}
}
@misc{p5dom-reference,
	title = {{P5.dom Library}},
	author={P5.js},
	publisher = {P5.js},
	howpublished = {\url{https://p5js.org/reference/#/libraries/p5.dom/}},
	note = {Accessed: 2019-04-08}
}